@inproceedings{chang2017weighted,
  title={Weighted word2vec based on the distance of words},
  author={Chang, Chia-Yang and Lee, Shie-Jue and Lai, Chih-Chin},
  booktitle={2017 International Conference on Machine Learning and Cybernetics (ICMLC)},
  volume={2},
  pages={563--568},
  year={2017},
  organization={IEEE}
}