@inproceedings{dembczynski2010ova,
author = {Dembczy\'{n}ski, Krzysztof and Cheng, Weiwei and H\"{u}llermeier, Eyke},
title = {Bayes Optimal Multilabel Classification via Probabilistic Classifier Chains},
year = {2010},
isbn = {9781605589077},
publisher = {Omnipress},
address = {Madison, WI, USA},
booktitle = {Proceedings of the 27th International Conference on International Conference on Machine Learning},
pages = {279â€“286},
numpages = {8},
location = {Haifa, Israel},
series = {ICML'10}
}

@inproceedings{menon2019reduction,
 author = {Menon, Aditya K and Rawat, Ankit Singh and Reddi, Sashank and Kumar, Sanjiv},
 booktitle = {Advances in Neural Information Processing Systems},
 editor = {H. Wallach and H. Larochelle and A. Beygelzimer and F. d\textquotesingle Alch\'{e}-Buc and E. Fox and R. Garnett},
 pages = {},
 publisher = {Curran Associates, Inc.},
 title = {Multilabel reductions: what is my loss optimising?},
 url = {https://proceedings.neurips.cc/paper_files/paper/2019/file/da647c549dde572c2c5edc4f5bef039c-Paper.pdf},
 volume = {32},
 year = {2019}
}


@inproceedings{lapin2016topk,
  title={Loss functions for top-k error: Analysis and insights},
  author={Lapin, Maksim and Hein, Matthias and Schiele, Bernt},
  booktitle={Proceedings of the IEEE conference on computer vision and pattern recognition},
  pages={1468--1477},
  year={2016}
}

@InProceedings{reddi19snm,
  title = 	 {Stochastic Negative Mining for Learning with Large Output Spaces},
  author =       {Reddi, Sashank J. and Kale, Satyen and Yu, Felix and Holtmann-Rice, Daniel and Chen, Jiecao and Kumar, Sanjiv},
  booktitle = 	 {Proceedings of the Twenty-Second International Conference on Artificial Intelligence and Statistics},
  pages = 	 {1940--1949},
  year = 	 {2019},
  editor = 	 {Chaudhuri, Kamalika and Sugiyama, Masashi},
  volume = 	 {89},
  series = 	 {Proceedings of Machine Learning Research},
  month = 	 {16--18 Apr},
  publisher =    {PMLR},
  pdf = 	 {http://proceedings.mlr.press/v89/reddi19a/reddi19a.pdf},
  url = 	 {https://proceedings.mlr.press/v89/reddi19a.html},
}

% =============================== old one ====================================== %